%YAML 1.1
%TAG !u! tag:unity3d.com,2011:
--- !u!1 &152996
GameObject:
  m_ObjectHideFlags: 0
  m_PrefabParentObject: {fileID: 0}
  m_PrefabInternal: {fileID: 100100000}
  serializedVersion: 4
  m_Component:
  - 4: {fileID: 452996}
  m_Layer: 0
  m_Name: DAPPLELAYOUT.LAYOUT
  m_TagString: Untagged
  m_Icon: {fileID: 0}
  m_NavMeshLayer: 0
  m_StaticEditorFlags: 0
  m_IsActive: 1
--- !u!1 &152998
GameObject:
  m_ObjectHideFlags: 0
  m_PrefabParentObject: {fileID: 0}
  m_PrefabInternal: {fileID: 100100000}
  serializedVersion: 4
  m_Component:
  - 4: {fileID: 452998}
  - 114: {fileID: 11452996}
  m_Layer: 0
  m_Name: Props_data
  m_TagString: Untagged
  m_Icon: {fileID: 0}
  m_NavMeshLayer: 0
  m_StaticEditorFlags: 0
  m_IsActive: 1
--- !u!1 &153000
GameObject:
  m_ObjectHideFlags: 0
  m_PrefabParentObject: {fileID: 0}
  m_PrefabInternal: {fileID: 100100000}
  serializedVersion: 4
  m_Component:
  - 4: {fileID: 453000}
  - 114: {fileID: 11452998}
  m_Layer: 0
  m_Name: light_data
  m_TagString: Untagged
  m_Icon: {fileID: 0}
  m_NavMeshLayer: 0
  m_StaticEditorFlags: 0
  m_IsActive: 1
--- !u!1 &153002
GameObject:
  m_ObjectHideFlags: 0
  m_PrefabParentObject: {fileID: 0}
  m_PrefabInternal: {fileID: 100100000}
  serializedVersion: 4
  m_Component:
  - 4: {fileID: 453002}
  - 114: {fileID: 11453000}
  m_Layer: 0
  m_Name: RoomPieces_data
  m_TagString: Untagged
  m_Icon: {fileID: 0}
  m_NavMeshLayer: 0
  m_StaticEditorFlags: 0
  m_IsActive: 1
--- !u!4 &452996
Transform:
  m_ObjectHideFlags: 1
  m_PrefabParentObject: {fileID: 0}
  m_PrefabInternal: {fileID: 100100000}
  m_GameObject: {fileID: 152996}
  m_LocalRotation: {x: 0, y: 0, z: 0, w: 1}
  m_LocalPosition: {x: 0, y: 0, z: 0}
  m_LocalScale: {x: 1, y: 1, z: 1}
  m_Children:
  - {fileID: 453002}
  - {fileID: 453000}
  - {fileID: 452998}
  m_Father: {fileID: 0}
  m_RootOrder: 0
--- !u!4 &452998
Transform:
  m_ObjectHideFlags: 1
  m_PrefabParentObject: {fileID: 0}
  m_PrefabInternal: {fileID: 100100000}
  m_GameObject: {fileID: 152998}
  m_LocalRotation: {x: 0, y: 0, z: 0, w: 1}
  m_LocalPosition: {x: 0, y: 0, z: 0}
  m_LocalScale: {x: 1, y: 1, z: 1}
  m_Children: []
  m_Father: {fileID: 452996}
  m_RootOrder: 2
--- !u!4 &453000
Transform:
  m_ObjectHideFlags: 1
  m_PrefabParentObject: {fileID: 0}
  m_PrefabInternal: {fileID: 100100000}
  m_GameObject: {fileID: 153000}
  m_LocalRotation: {x: 0, y: 0, z: 0, w: 1}
  m_LocalPosition: {x: 0, y: 0, z: 0}
  m_LocalScale: {x: 1, y: 1, z: 1}
  m_Children: []
  m_Father: {fileID: 452996}
  m_RootOrder: 1
--- !u!4 &453002
Transform:
  m_ObjectHideFlags: 1
  m_PrefabParentObject: {fileID: 0}
  m_PrefabInternal: {fileID: 100100000}
  m_GameObject: {fileID: 153002}
  m_LocalRotation: {x: 0, y: 0, z: 0, w: 1}
  m_LocalPosition: {x: 0, y: 0, z: 0}
  m_LocalScale: {x: 1, y: 1, z: 1}
  m_Children: []
  m_Father: {fileID: 452996}
  m_RootOrder: 0
--- !u!114 &11452996
MonoBehaviour:
  m_ObjectHideFlags: 1
  m_PrefabParentObject: {fileID: 0}
  m_PrefabInternal: {fileID: 100100000}
  m_GameObject: {fileID: 152998}
  m_Enabled: 1
  m_EditorHideFlags: 0
  m_Script: {fileID: 11500000, guid: 185a1b08042aa4657a59bd5e34636d0b, type: 3}
  m_Name: 
  m_EditorClassIdentifier: 
  partName: 
  RemovePart: 0
  Prefabs: []
--- !u!114 &11452998
MonoBehaviour:
  m_ObjectHideFlags: 1
  m_PrefabParentObject: {fileID: 0}
  m_PrefabInternal: {fileID: 100100000}
  m_GameObject: {fileID: 153000}
  m_Enabled: 1
  m_EditorHideFlags: 0
  m_Script: {fileID: 11500000, guid: 185a1b08042aa4657a59bd5e34636d0b, type: 3}
  m_Name: 
  m_EditorClassIdentifier: 
  partName: 
  RemovePart: 0
  Prefabs:
  - prefab: {fileID: 189834, guid: 5831f3ff0208c48c79deb070f0b81cd8, type: 2}
    pos: {x: 1.78998995, y: 0, z: 15.1499996}
    rot: {x: -.707106829, y: 0, z: 0, w: .707106829}
    scale: {x: 1.5, y: 1.5, z: 1}
  - prefab: {fileID: 189834, guid: 5831f3ff0208c48c79deb070f0b81cd8, type: 2}
    pos: {x: 33.3100014, y: 0, z: 71.8799973}
    rot: {x: -.707106829, y: 0, z: 0, w: .707106829}
    scale: {x: 1.5, y: 1.5, z: 1}
  - prefab: {fileID: 189834, guid: 5831f3ff0208c48c79deb070f0b81cd8, type: 2}
    pos: {x: -17.7700005, y: 0, z: 49.9799995}
    rot: {x: -.707106829, y: 0, z: 0, w: .707106829}
    scale: {x: 1.5, y: 1.5, z: 1}
  - prefab: {fileID: 189834, guid: 5831f3ff0208c48c79deb070f0b81cd8, type: 2}
    pos: {x: 27.0400009, y: 0, z: 22.8500004}
    rot: {x: -.707106829, y: 0, z: 0, w: .707106829}
    scale: {x: 1.5, y: 1.5, z: 1}
  - prefab: {fileID: 189834, guid: 5831f3ff0208c48c79deb070f0b81cd8, type: 2}
    pos: {x: 13.1300001, y: 0, z: 41.7999992}
    rot: {x: -.707106829, y: 0, z: 0, w: .707106829}
    scale: {x: 1.5, y: 1.5, z: 1}
  - prefab: {fileID: 189834, guid: 5831f3ff0208c48c79deb070f0b81cd8, type: 2}
    pos: {x: -22.6299992, y: 0, z: 80.3000031}
    rot: {x: -.707106829, y: 0, z: 0, w: .707106829}
    scale: {x: 1.5, y: 1.5, z: 1}
  - prefab: {fileID: 189834, guid: 5831f3ff0208c48c79deb070f0b81cd8, type: 2}
    pos: {x: -20.3700008, y: 0, z: 17.25}
    rot: {x: -.707106829, y: 0, z: 0, w: .707106829}
    scale: {x: 1.5, y: 1.5, z: 1}
  - prefab: {fileID: 189834, guid: 5831f3ff0208c48c79deb070f0b81cd8, type: 2}
    pos: {x: 6.49998999, y: 0, z: 72.780098}
    rot: {x: -.707106829, y: 0, z: 0, w: .707106829}
    scale: {x: 1.5, y: 1.5, z: 1}
  - prefab: {fileID: 189834, guid: 5831f3ff0208c48c79deb070f0b81cd8, type: 2}
    pos: {x: 36.8600006, y: 0, z: 51.1500015}
    rot: {x: -.707106829, y: 0, z: 0, w: .707106829}
    scale: {x: 1.5, y: 1.5, z: 1}
--- !u!114 &11453000
MonoBehaviour:
  m_ObjectHideFlags: 1
  m_PrefabParentObject: {fileID: 0}
  m_PrefabInternal: {fileID: 100100000}
  m_GameObject: {fileID: 153002}
  m_Enabled: 1
  m_EditorHideFlags: 0
  m_Script: {fileID: 11500000, guid: 185a1b08042aa4657a59bd5e34636d0b, type: 3}
  m_Name: 
  m_EditorClassIdentifier: 
  partName: 
  RemovePart: 0
  Prefabs: []
--- !u!1001 &100100000
Prefab:
  m_ObjectHideFlags: 1
  serializedVersion: 2
  m_Modification:
    m_TransformParent: {fileID: 0}
    m_Modifications: []
    m_RemovedComponents: []
  m_ParentPrefab: {fileID: 0}
  m_RootGameObject: {fileID: 152996}
  m_IsPrefabParent: 1
  m_IsExploded: 1
